% Harrison Zafrin
% MIR - Final Paper
%----------------------------------------------------------------------------------------
% Bibliography
%----------------------------------------------------------------------------------------

@inproceedings{mansbridge2012implementation,
  title={Implementation and evaluation of autonomous multi-track fader control},
  author={Mansbridge, Stuart and Finn, Saoirse and Reiss, Joshua D},
  booktitle={Audio Engineering Society Convention 132},
  year={2012},
  organization={Audio Engineering Society}
}

@inproceedings{ward2012multitrack,
  title={Multitrack mixing using a model of loudness and partial loudness},
  author={Ward, Dominic and Reiss, Joshua D and Athwal, Cham},
  booktitle={Audio Engineering Society Convention 133},
  year={2012},
  organization={Audio Engineering Society}
}

@article{moore1997model,
  title={A model for the prediction of thresholds, loudness, and partial loudness},
  author={Moore, Brian CJ and Glasberg, Brian R and Baer, Thomas},
  journal={Journal of the Audio Engineering Society},
  volume={45},
  number={4},
  pages={224--240},
  year={1997},
  publisher={Audio Engineering Society}
}

@article{hafezi2015,
  title={Autonomous multitrack equalisation based on masking reduction},
  author={Hafezi, Sina, Reiss, Joshua},
  pages={1-11},
  year={2015 (to appear)},
  publisher={Audio Engineering Society}
}

@inproceedings{scott2011automatic,
  title={Automatic multi-track mixing using linear dynamical systems},
  author={Scott, Jeffrey and Prockup, Matthew and Schmidt, Erik M and Kim, Youngmoo E},
  booktitle={Proceedings of the 8th Sound and Music Computing Conference, Padova, Italy},
  year={2011}
}

@inproceedings{scott2013instrument,
  title={Instrument Identification Informed Multi-Track Mixing.},
  author={Scott, Jeffrey and Kim, Youngmoo E},
  booktitle={ISMIR},
  pages={305--310},
  year={2013}
}

@inproceedings{de2013knowledge,
  title={A knowledge-engineered autonomous mixing system},
  author={De Man, Brecht and Reiss, Joshua D},
  booktitle={Audio Engineering Society Convention 135},
  year={2013},
  organization={Audio Engineering Society}
}

@phdthesis{pestana2013automatic,
  title={Automatic mixing systems using adaptive digital audio effects},
  author={Pestana, Pedro Duarte Leal Gomes},
  year={2013},
  school={Universidade Cat{\'o}lica Portuguesa}
}

@inproceedings{mckinney2003features,
  title={Features for audio and music classification.},
  author={McKinney, Martin F and Breebaart, Jeroen},
  booktitle={ISMIR},
  volume={3},
  pages={151--158},
  year={2003}
}

@inproceedings{rafii2009learning,
  title={Learning to Control a Reverberator Using Subjective Perceptual Descriptors.},
  author={Rafii, Zafar and Pardo, Bryan},
  booktitle={ISMIR},
  pages={285--290},
  year={2009}
}

@article{barchiesi2010reverse,
  title={Reverse engineering of a mix},
  author={Barchiesi, Daniele and Reiss, Joshua},
  journal={Journal of the Audio Engineering Society},
  volume={58},
  number={7/8},
  pages={563--576},
  year={2010},
  publisher={Audio Engineering Society}
}

@book{pohlmann2005principles,
  title={Principles of digital audio},
  author={Pohlmann, Ken C and Pohlman, Ken C},
  volume={4},
  year={2005},
  publisher={McGraw-Hill New York}
}

@article{robinson1956re,
  title={A re-determination of the equal-loudness relations for pure tones},
  author={Robinson, Derek W and Dadson, R So},
  journal={British Journal of Applied Physics},
  volume={7},
  number={5},
  pages={166},
  year={1956},
  publisher={IOP Publishing}
}

@misc{rec2006bs,
  title={BS. 1770 Algorithms to measure audio programme loudness and true-peak audio level},
  author={Rec, ITUR},
  year={2006},
  publisher={Geneva: International Telecommunication Union}
}

@inproceedings{pestana2012accuracy,
  title={Accuracy of ITU-R BS. 1770 Algorithm in Evaluating Multitrack Material},
  author={Pestana, Pedro Duarte and Barbosa, Alvaro},
  booktitle={Audio Engineering Society Convention 133},
  year={2012},
  organization={Audio Engineering Society}
}

@inproceedings{pestana2013loudness,
  title={Loudness measurement of multitrack audio content using modifications of ITU-R BS. 1770},
  author={Pestana, Pedro Duarte and Reiss, Joshua D and Barbosa, Alvaro},
  booktitle={Audio Engineering Society Convention 134},
  year={2013},
  organization={Audio Engineering Society}
}

@inproceedings{vega2010quantifying,
  title={Quantifying Masking in Multi-track Recordings},
  author={Vega, Sebastian and Janer, Jordi},
  booktitle={Proceedings of SMC Conference},
  year={2010}
}

@inproceedings{aichinger2011describing,
  title={Describing the Transparency of Mixdowns: The Masked-to-Unmasked-Ratio},
  author={Aichinger, Philipp and Sontacchi, Alois and Schneider-Stickler, Berit},
  booktitle={Audio Engineering Society Convention 130},
  year={2011},
  organization={Audio Engineering Society}
}

@article{glasberg2002model,
  title={A model of loudness applicable to time-varying sounds},
  author={Glasberg, Brian R and Moore, Brian CJ},
  journal={Journal of the Audio Engineering Society},
  volume={50},
  number={5},
  pages={331--342},
  year={2002},
  publisher={Audio Engineering Society}
}

@article{perez2010real,
  title={A real-time semiautonomous audio panning system for music mixing},
  author={Perez-Gonzalez, Enrique and Reiss, Joshua D},
  journal={EURASIP Journal on Advances in Signal Processing},
  volume={2010},
  pages={5},
  year={2010},
  publisher={Hindawi Publishing Corp.}
}

@inproceedings{pestana2014cross,
  title={A Cross-Adaptive Dynamic Spectral Panning Technique},
  author={Pestana, Pedro D and Reiss, Joshua D},
  booktitle={Proceedings of the 17th International Conference on Digital Audio Effects (DAFx-14), Erlangen, Germany},
  year={2014}
}

@inproceedings{vickers2001automatic,
  title={Automatic long-term loudness and dynamics matching},
  author={Vickers, Earl},
  booktitle={Audio Engineering Society Convention 111},
  year={2001},
  organization={Audio Engineering Society}
}

@misc{pfpf,
  title = {{pfpf: An Experiment Estimator of Dynamic Range in Music},
  howpublished = {http://audiamorous.blogspot.com/2008/01/pfpf-experimental-estimator-of-dynamic_13.html}},
}

@inproceedings{skovenborg2012loudness,
  title={Loudness Range (LRA)-Design and Evaluation},
  author={Skovenborg, Esben},
  booktitle={Audio Engineering Society Convention 132},
  year={2012},
  organization={Audio Engineering Society}
}

@inproceedings{boley2010measuring,
  title={Measuring Dynamics: Comparing and contrasting algorithms for the computation of dynamic range},
  author={Boley, Jon and Danner, Christopher and Lester, Michael},
  booktitle={Audio Engineering Society Convention 129},
  year={2010},
  organization={Audio Engineering Society}
}

@inproceedings{ma2013implementation,
  title={Implementation of an intelligent equalization tool using Yule-Walker for music mixing and mastering},
  author={Ma, Zheng and Reiss, Joshua D and Black, Dawn AA},
  booktitle={Audio Engineering Society Convention 134},
  year={2013},
  organization={Audio Engineering Society}
}

@inproceedings{de2014open,
  title={The Open Multitrack Testbed},
  author={De Man, Brecht and Mora-Mcginity, Mariano and Fazekas, Gy{\"o}rgy and Reiss, Joshua D},
  booktitle={Audio Engineering Society Convention 137},
  year={2014},
  organization={Audio Engineering Society}
}

@inproceedings{bittner2014medleydb,
  title={MedleyDB: A Multitrack Dataset for Annotation-Intensive MIR Research},
  author={Bittner, Rachel and Salamon, Justin and Tierney, Mike and Mauch, Matthias and Cannam, Chris and Bello, Juan P},
  booktitle={ISMIR},
  year={2014}
}
